<record><leader>00000cas a2200000 a 4500</leader><controlfield tag="001">34201827</controlfield><controlfield tag="008">960216d19651970fludr ne      0    0eng c</controlfield><datafield ind1=" " ind2=" " tag="010"><subfield code="a">sn 96027178 </subfield></datafield><datafield ind1=" " ind2=" " tag="040"><subfield code="a">FUG</subfield><subfield code="b">eng</subfield><subfield code="c">FUG</subfield><subfield code="d">OCLCQ</subfield><subfield code="d">OCLCF</subfield><subfield code="d">OCLCO</subfield></datafield><datafield ind1=" " ind2=" " tag="012"><subfield code="i">9602</subfield></datafield><datafield ind1="1" ind2=" " tag="029"><subfield code="a">AU@</subfield><subfield code="b">000025919482</subfield></datafield><datafield ind1=" " ind2=" " tag="042"><subfield code="a">pcc</subfield></datafield><datafield ind1=" " ind2=" " tag="043"><subfield code="a">n-us-fl</subfield></datafield><datafield ind1="0" ind2=" " tag="130"><subfield code="a">Herald-tribune (Sarasota, Fla.)</subfield></datafield><datafield ind1="1" ind2="4" tag="245"><subfield code="a">The herald-tribune.</subfield></datafield><datafield ind1=" " ind2=" " tag="260"><subfield code="a">Sarasota, Fla. :</subfield><subfield code="b">Lindsay Newspapers,</subfield><subfield code="c">1965-1970.</subfield></datafield><datafield ind1=" " ind2=" " tag="300"><subfield code="a">v.</subfield></datafield><datafield ind1=" " ind2=" " tag="310"><subfield code="a">Daily</subfield></datafield><datafield ind1="0" ind2=" " tag="362"><subfield code="a">40th year, no. 90 (Jan. 1, 1965)-45th year, no. 131 (Feb. 11, 1970).</subfield></datafield><datafield ind1=" " ind2=" " tag="500"><subfield code="a">"Sarasota and Manatee Counties."</subfield></datafield><datafield ind1=" " ind2="0" tag="651"><subfield code="a">Sarasota (Fla.)</subfield><subfield code="v">Newspapers.</subfield></datafield><datafield ind1=" " ind2="0" tag="651"><subfield code="a">Sarasota County (Fla.)</subfield><subfield code="v">Newspapers.</subfield></datafield><datafield ind1=" " ind2="0" tag="651"><subfield code="a">Manatee County (Fla.)</subfield><subfield code="v">Newspapers.</subfield></datafield><datafield ind1=" " ind2="7" tag="655"><subfield code="a">Newspapers.</subfield><subfield code="2">fast</subfield><subfield code="0">(OCoLC)fst01423814</subfield></datafield><datafield ind1=" " ind2="7" tag="651"><subfield code="a">Florida</subfield><subfield code="z">Manatee County.</subfield><subfield code="2">fast</subfield><subfield code="0">(OCoLC)fst01211771</subfield></datafield><datafield ind1=" " ind2="7" tag="651"><subfield code="a">Florida</subfield><subfield code="z">Sarasota.</subfield><subfield code="2">fast</subfield><subfield code="0">(OCoLC)fst01207248</subfield></datafield><datafield ind1=" " ind2="7" tag="651"><subfield code="a">Florida</subfield><subfield code="z">Sarasota County.</subfield><subfield code="2">fast</subfield><subfield code="0">(OCoLC)fst01214943</subfield></datafield><datafield ind1=" " ind2=" " tag="752"><subfield code="a">United States</subfield><subfield code="b">Florida</subfield><subfield code="c">Sarasota</subfield><subfield code="d">Sarasota.</subfield></datafield><datafield ind1=" " ind2=" " tag="752"><subfield code="a">United States</subfield><subfield code="b">Florida</subfield><subfield code="c">Manatee.</subfield></datafield><datafield ind1="0" ind2="0" tag="780"><subfield code="t">Sarasota herald &amp; tribune</subfield><subfield code="w">(DLC)sn 96027177</subfield><subfield code="w">(OCoLC)34201825</subfield></datafield><datafield ind1="0" ind2="0" tag="785"><subfield code="t">Sarasota herald-tribune</subfield><subfield code="w">(DLC)sn 96027179</subfield><subfield code="w">(OCoLC)31217910</subfield></datafield><datafield ind1=" " ind2=" " tag="850"><subfield code="a">FU</subfield></datafield></record>